<record><leader>00000cas a22000007a 4500</leader><controlfield tag="001">11974461</controlfield><controlfield tag="008">850427d19321941hiuwr ne      0    0jpnrd</controlfield><datafield ind1=" " ind2=" " tag="010"><subfield code="a">sn 85047080 </subfield></datafield><datafield ind1=" " ind2=" " tag="040"><subfield code="a">HWN</subfield><subfield code="b">eng</subfield><subfield code="c">HWN</subfield><subfield code="d">HWN</subfield><subfield code="d">OCLCQ</subfield><subfield code="d">OCLCF</subfield><subfield code="d">OCLCO</subfield><subfield code="d">OCL</subfield></datafield><datafield ind1=" " ind2=" " tag="042"><subfield code="a">msc</subfield></datafield><datafield ind1=" " ind2=" " tag="043"><subfield code="a">n-us-hi</subfield></datafield><datafield ind1="0" ind2="0" tag="245"><subfield code="a">Shu&#772;kan Hawai shinpo&#772; =</subfield><subfield code="b">The weekly Hawaiian shimpo.</subfield></datafield><datafield ind1="3" ind2="0" tag="246"><subfield code="a">Hawai shinpo&#772;</subfield></datafield><datafield ind1="3" ind2="1" tag="246"><subfield code="a">Weekly Hawaiian shimpo</subfield></datafield><datafield ind1="3" ind2="1" tag="246"><subfield code="a">Weekly Hawaii shimpo</subfield></datafield><datafield ind1=" " ind2=" " tag="260"><subfield code="a">Hawai Honoruru-shi :</subfield><subfield code="b">Weekly Hawaii Shimpo Sha</subfield></datafield><datafield ind1=" " ind2=" " tag="300"><subfield code="a">v. :</subfield><subfield code="b">ill. ;</subfield><subfield code="c">46-58 cm.</subfield></datafield><datafield ind1=" " ind2=" " tag="310"><subfield code="a">Weekly</subfield></datafield><datafield ind1="0" ind2=" " tag="362"><subfield code="a">-no. 438 (Nov. 29, 1941).</subfield></datafield><datafield ind1="1" ind2=" " tag="362"><subfield code="a">Began in 1932.</subfield><subfield code="z">Cf. Matsuda, M. The Japanese in Hawaii. Rev.</subfield></datafield><datafield ind1=" " ind2=" " tag="500"><subfield code="a">English title varies: &lt;1941&gt;, Weekly Hawaii shimpo.</subfield></datafield><datafield ind1=" " ind2=" " tag="500"><subfield code="a">Editor: &lt;1941&gt;, M. Sogawa.</subfield></datafield><datafield ind1=" " ind2=" " tag="546"><subfield code="a">In Japanese.</subfield></datafield><datafield ind1=" " ind2=" " tag="588"><subfield code="a">Description based on: No. 247 (Nov. 27, 1937), 5th anniversary ed.; title from cover.</subfield></datafield><datafield ind1=" " ind2="0" tag="651"><subfield code="a">Hawaii</subfield><subfield code="v">Newspapers.</subfield></datafield><datafield ind1=" " ind2="0" tag="650"><subfield code="a">Japanese newspapers</subfield><subfield code="z">Hawaii.</subfield></datafield><datafield ind1=" " ind2="7" tag="650"><subfield code="a">Japanese newspapers.</subfield><subfield code="2">fast</subfield><subfield code="0">(OCoLC)fst00981873</subfield></datafield><datafield ind1=" " ind2="7" tag="651"><subfield code="a">Hawaii.</subfield><subfield code="2">fast</subfield><subfield code="0">(OCoLC)fst01208724</subfield></datafield><datafield ind1=" " ind2="7" tag="655"><subfield code="a">Newspapers.</subfield><subfield code="2">fast</subfield><subfield code="0">(OCoLC)fst01423814</subfield></datafield><datafield ind1="1" ind2=" " tag="700"><subfield code="a">Sogawa, Masao.</subfield></datafield><datafield ind1=" " ind2=" " tag="752"><subfield code="a">United States</subfield><subfield code="b">Hawaii</subfield><subfield code="c">Honolulu</subfield><subfield code="d">Honolulu.</subfield></datafield><datafield ind1="0" ind2="0" tag="780"><subfield code="t">Hawai shinpo&#772;</subfield><subfield code="w">(DLC)sn 85047086</subfield><subfield code="w">(OCoLC)12030462</subfield></datafield><datafield ind1="1" ind2=" " tag="029"><subfield code="a">AU@</subfield><subfield code="b">000015723732</subfield></datafield></record>